[gd_scene load_steps=6 format=2]

[ext_resource path="res://Puzzle/canos/scripts/SurvivalSetup.gd" type="Script" id=1]
[ext_resource path="res://Puzzle/canos/themes/MainTheme.tres" type="Theme" id=2]
[ext_resource path="res://Puzzle/canos/images/ui/question.png" type="Texture" id=3]
[ext_resource path="res://assets/Fontes/GochiHand-Regular.ttf" type="DynamicFontData" id=4]

[sub_resource type="DynamicFont" id=1]
font_data = ExtResource( 4 )

[node name="SurvivalSetup" type="Control"]
theme = ExtResource( 2 )
script = ExtResource( 1 )

[node name="MarginContainer" type="MarginContainer" parent="."]
margin_right = 1920.0
margin_bottom = 1080.0
__meta__ = {
"_edit_use_anchors_": false
}

[node name="HBoxContainer" type="HBoxContainer" parent="MarginContainer"]
margin_left = 20.0
margin_top = 20.0
margin_right = 1900.0
margin_bottom = 1060.0

[node name="VBoxContainer" type="VBoxContainer" parent="MarginContainer/HBoxContainer"]
margin_right = 487.0
margin_bottom = 1040.0

[node name="SurvivalSetupLabel" type="Label" parent="MarginContainer/HBoxContainer/VBoxContainer"]
margin_right = 487.0
margin_bottom = 20.0
custom_fonts/font = SubResource( 1 )
text = "Survival Setup"
align = 1

[node name="HBoxContainer4" type="HBoxContainer" parent="MarginContainer/HBoxContainer/VBoxContainer"]
margin_top = 24.0
margin_right = 487.0
margin_bottom = 124.0

[node name="InfiniteModeCheckBox" type="CheckBox" parent="MarginContainer/HBoxContainer/VBoxContainer/HBoxContainer4"]
margin_right = 144.0
margin_bottom = 100.0
custom_fonts/font = SubResource( 1 )
pressed = true
text = "Infinite Mode"

[node name="InfiniteModeHelpTextureRect" type="TextureRect" parent="MarginContainer/HBoxContainer/VBoxContainer/HBoxContainer4"]
modulate = Color( 1, 1, 0, 1 )
margin_left = 148.0
margin_right = 248.0
margin_bottom = 100.0
texture = ExtResource( 3 )

[node name="HBoxContainer3" type="HBoxContainer" parent="MarginContainer/HBoxContainer/VBoxContainer"]
margin_top = 128.0
margin_right = 487.0
margin_bottom = 228.0

[node name="PowerupsCheckBox" type="CheckBox" parent="MarginContainer/HBoxContainer/VBoxContainer/HBoxContainer3"]
margin_right = 123.0
margin_bottom = 100.0
custom_fonts/font = SubResource( 1 )
pressed = true
text = "Powerups"

[node name="PowerupHelpTextureRect" type="TextureRect" parent="MarginContainer/HBoxContainer/VBoxContainer/HBoxContainer3"]
modulate = Color( 1, 1, 0, 1 )
margin_left = 127.0
margin_right = 227.0
margin_bottom = 100.0
texture = ExtResource( 3 )

[node name="HBoxContainer" type="HBoxContainer" parent="MarginContainer/HBoxContainer/VBoxContainer"]
margin_top = 232.0
margin_right = 487.0
margin_bottom = 256.0

[node name="TimerCountdownLabel" type="Label" parent="MarginContainer/HBoxContainer/VBoxContainer/HBoxContainer"]
margin_top = 2.0
margin_right = 115.0
margin_bottom = 22.0
custom_fonts/font = SubResource( 1 )
text = "Timer Countdown"

[node name="TimerSpinBox" type="SpinBox" parent="MarginContainer/HBoxContainer/VBoxContainer/HBoxContainer"]
margin_left = 119.0
margin_right = 301.0
margin_bottom = 24.0
min_value = 1.0
max_value = 600.0
value = 300.0

[node name="SecondsLabel" type="Label" parent="MarginContainer/HBoxContainer/VBoxContainer/HBoxContainer"]
margin_left = 305.0
margin_top = 2.0
margin_right = 356.0
margin_bottom = 22.0
custom_fonts/font = SubResource( 1 )
text = "Seconds"

[node name="HBoxContainer2" type="HBoxContainer" parent="MarginContainer/HBoxContainer/VBoxContainer"]
margin_top = 260.0
margin_right = 487.0
margin_bottom = 284.0

[node name="BoardDimensionsLabel" type="Label" parent="MarginContainer/HBoxContainer/VBoxContainer/HBoxContainer2"]
margin_top = 2.0
margin_right = 115.0
margin_bottom = 22.0
custom_fonts/font = SubResource( 1 )
text = "Board Dimensions"

[node name="RowsSpinBox" type="SpinBox" parent="MarginContainer/HBoxContainer/VBoxContainer/HBoxContainer2"]
margin_left = 119.0
margin_right = 301.0
margin_bottom = 24.0
min_value = 4.0
max_value = 12.0
value = 8.0

[node name="ColsSpinBox" type="SpinBox" parent="MarginContainer/HBoxContainer/VBoxContainer/HBoxContainer2"]
margin_left = 305.0
margin_right = 487.0
margin_bottom = 24.0
min_value = 4.0
max_value = 12.0
value = 8.0

[node name="Back_btn" type="Button" parent="MarginContainer/HBoxContainer/VBoxContainer"]
margin_top = 1014.0
margin_right = 41.0
margin_bottom = 1040.0
size_flags_horizontal = 0
size_flags_vertical = 10
custom_fonts/font = SubResource( 1 )
text = "Back"

[node name="Start_btn" type="Button" parent="MarginContainer/HBoxContainer"]
margin_left = 1832.0
margin_top = 1014.0
margin_right = 1880.0
margin_bottom = 1040.0
size_flags_horizontal = 14
size_flags_vertical = 14
custom_fonts/font = SubResource( 1 )
text = "Start"

[connection signal="mouse_entered" from="MarginContainer/HBoxContainer/VBoxContainer/HBoxContainer4/InfiniteModeHelpTextureRect" to="." method="_on_InfiniteModeHelpTextureRect_mouse_entered"]
[connection signal="mouse_exited" from="MarginContainer/HBoxContainer/VBoxContainer/HBoxContainer4/InfiniteModeHelpTextureRect" to="." method="_on_InfiniteModeHelpTextureRect_mouse_exited"]
[connection signal="mouse_entered" from="MarginContainer/HBoxContainer/VBoxContainer/HBoxContainer3/PowerupHelpTextureRect" to="." method="_on_PowerupHelpTextureRect_mouse_entered"]
[connection signal="mouse_exited" from="MarginContainer/HBoxContainer/VBoxContainer/HBoxContainer3/PowerupHelpTextureRect" to="." method="_on_PowerupHelpTextureRect_mouse_exited"]
[connection signal="pressed" from="MarginContainer/HBoxContainer/VBoxContainer/Back_btn" to="." method="_on_Back_btn_pressed"]
[connection signal="pressed" from="MarginContainer/HBoxContainer/Start_btn" to="." method="_on_Start_btn_pressed"]
