[gd_scene load_steps=10 format=2]

[ext_resource path="res://assets/Fontes/1Needleteeth Regular.ttf" type="DynamicFontData" id=1]
[ext_resource path="res://assets/inventory/ui/blue.png" type="Texture" id=2]
[ext_resource path="res://save_load/game_state/load_game_script.gd" type="Script" id=3]
[ext_resource path="res://assets/interface/BG linear burn.png" type="Texture" id=4]


[sub_resource type="Theme" id=13]

[sub_resource type="CanvasItemMaterial" id=16]
blend_mode = 3

[sub_resource type="DynamicFont" id=1]
size = 75
use_mipmaps = true
use_filter = true
font_data = ExtResource( 1 )

[sub_resource type="DynamicFont" id=14]
size = 105
outline_color = Color( 0.0823529, 0.0745098, 0.0745098, 1 )
use_mipmaps = true
use_filter = true
font_data = ExtResource( 1 )

[sub_resource type="DynamicFont" id=15]
size = 78
use_mipmaps = true
use_filter = true
font_data = ExtResource( 1 )

[node name="LoadGameDlg" type="Control"]
visible = false
anchor_right = 1.0
anchor_bottom = 1.0
margin_right = 656.0
margin_bottom = 404.0
rect_scale = Vector2( 0.748, 0.731 )
theme = SubResource( 13 )
script = ExtResource( 3 )

[node name="BK" type="TextureRect" parent="."]
modulate = Color( 1, 1, 1, 0.972549 )
self_modulate = Color( 1, 1, 1, 0.388235 )
anchor_right = 1.0
anchor_bottom = 1.0
margin_left = -11.0
margin_top = -8.0
margin_right = -107.0
margin_bottom = -65.0
rect_min_size = Vector2( 1920, 1080 )
rect_scale = Vector2( 1.04014, 1.05227 )
texture = ExtResource( 4 )
expand = true

[node name="TextureRect" type="TextureRect" parent="BK"]
show_behind_parent = true
material = SubResource( 16 )
anchor_right = 1.296
anchor_bottom = 1.307
margin_right = -16.3201
margin_bottom = -195.56
rect_min_size = Vector2( 1920, 1080 )
rect_scale = Vector2( 0.787016, 0.908481 )
texture = ExtResource( 2 )
expand = true

[node name="ItemList" type="ItemList" parent="."]
modulate = Color( 0.988235, 0.894118, 0.894118, 0.478431 )
anchor_top = 0.113
anchor_right = 0.492
anchor_bottom = 0.848
margin_left = 8.0
margin_top = -0.692001
margin_right = -0.39209
margin_bottom = 0.567871
custom_colors/font_color = Color( 1, 1, 1, 1 )
custom_fonts/font = SubResource( 1 )
max_text_lines = 2

[node name="TextureRect" type="TextureRect" parent="."]
anchor_left = 0.499261
anchor_top = 0.118915
anchor_right = 0.988003
anchor_bottom = 0.854765
stretch_mode = 6
__meta__ = {
"_edit_use_anchors_": true
}

[node name="Label2" type="Label" parent="."]
anchor_left = 0.445
anchor_top = 0.013
anchor_right = 0.54
anchor_bottom = 0.087
margin_left = 0.738647
margin_top = 24.4837
margin_right = 1.01868
margin_bottom = 24.6676
custom_colors/font_color = Color( 1, 1, 1, 1 )
custom_fonts/font = SubResource( 14 )
text = "Load game"
align = 1

[node name="ok" type="Button" parent="."]
anchor_left = 0.08
anchor_top = 0.897
anchor_right = 0.409
anchor_bottom = 0.989
margin_left = -0.197647
margin_top = -30.1906
margin_right = -0.70166
margin_bottom = -30.7185
custom_colors/font_color_pressed = Color( 0.407843, 0.113725, 0.113725, 1 )
custom_fonts/font = SubResource( 15 )
text = "Ok"
flat = true

[node name="cancel" type="Button" parent="."]
anchor_left = 0.665
anchor_top = 0.904
anchor_right = 0.887
anchor_bottom = 1.0
margin_left = 0.842285
margin_top = -29.5785
margin_right = -1.02979
margin_bottom = -50.0425
custom_colors/font_color_pressed = Color( 0.407843, 0.113725, 0.113725, 1 )
custom_fonts/font = SubResource( 15 )
text = "cancel"
flat = true

[connection signal="item_selected" from="ItemList" to="." method="_on_ItemList_item_selected"]
[connection signal="pressed" from="ok" to="." method="_on_ok_pressed"]
[connection signal="pressed" from="cancel" to="." method="_on_cancel_pressed"]
