[gd_scene load_steps=19 format=2]

[ext_resource path="res://save_load/Main.gd" type="Script" id=1]
[ext_resource path="res://assets/Fontes/1Needleteeth Regular.ttf" type="DynamicFontData" id=2]
[ext_resource path="res://tests/teste ui/Lama.png" type="Texture" id=3]
[ext_resource path="res://save_load/SaveGame.tscn" type="PackedScene" id=4]
[ext_resource path="res://save_load/LoadGame.tscn" type="PackedScene" id=5]
[ext_resource path="res://assets/interface/BG linear burn.png" type="Texture" id=6]
[ext_resource path="res://assets/inventory/ui/blue.png" type="Texture" id=7]


[sub_resource type="CanvasItemMaterial" id=13]
blend_mode = 3

[sub_resource type="DynamicFont" id=3]
size = 180
use_mipmaps = true
use_filter = true
font_data = ExtResource( 2 )

[sub_resource type="DynamicFont" id=4]
size = 180
use_mipmaps = true
use_filter = true
font_data = ExtResource( 2 )

[sub_resource type="AtlasTexture" id=6]
atlas = ExtResource( 3 )
region = Rect2( 0, 0, 1024, 1024 )

[sub_resource type="AtlasTexture" id=7]
atlas = ExtResource( 3 )
region = Rect2( 1024, 0, 1024, 1024 )

[sub_resource type="AtlasTexture" id=8]
atlas = ExtResource( 3 )
region = Rect2( 0, 1024, 1024, 1024 )

[sub_resource type="AtlasTexture" id=9]
atlas = ExtResource( 3 )
region = Rect2( 1024, 1024, 1024, 1024 )

[sub_resource type="AtlasTexture" id=10]
atlas = ExtResource( 3 )
region = Rect2( 0, 2048, 1024, 1024 )

[sub_resource type="AtlasTexture" id=11]
atlas = ExtResource( 3 )
region = Rect2( 1024, 2048, 1024, 1024 )

[sub_resource type="SpriteFrames" id=12]
animations = [ {
"frames": [ SubResource( 6 ), SubResource( 7 ), SubResource( 8 ), SubResource( 9 ), SubResource( 10 ), SubResource( 11 ) ],
"loop": false,
"name": "lama",
"speed": 3.0
} ]

[sub_resource type="DynamicFont" id=5]
size = 180
font_data = ExtResource( 2 )

[node name="Control" type="Control"]
anchor_right = 1.0
anchor_bottom = 1.0
script = ExtResource( 1 )

[node name="BK" type="TextureRect" parent="."]
modulate = Color( 1, 1, 1, 0.972549 )
self_modulate = Color( 1, 1, 1, 0.388235 )
anchor_right = 1.0
anchor_bottom = 1.0
margin_left = -11.0
margin_top = -8.0
margin_right = 629.0
margin_bottom = 352.0
rect_scale = Vector2( 1.04014, 1.05227 )
texture = ExtResource( 6 )

[node name="TextureRect" type="TextureRect" parent="BK"]
show_behind_parent = true
material = SubResource( 13 )
margin_right = 2472.0
margin_bottom = 1216.0
rect_scale = Vector2( 0.787016, 0.908481 )
texture = ExtResource( 7 )

[node name="save" type="Button" parent="."]
anchor_left = 0.5
anchor_right = 0.5
margin_left = -188.0
margin_top = 118.0
margin_right = 155.0
margin_bottom = 312.0
custom_colors/font_color_focus = Color( 0.423529, 0.333333, 0.207843, 1 )
custom_colors/font_color_pressed = Color( 0.423529, 0.333333, 0.207843, 1 )
custom_fonts/font = SubResource( 3 )
text = "Save"
flat = true

[node name="load" type="Button" parent="."]
margin_left = 838.0
margin_top = 448.0
margin_right = 1036.0
margin_bottom = 642.0
custom_colors/font_color_focus = Color( 0.423529, 0.333333, 0.207843, 1 )
custom_colors/font_color_pressed = Color( 0.423529, 0.333333, 0.207843, 1 )
custom_fonts/font = SubResource( 4 )
text = "Load"
flat = true

[node name="lama2" type="AnimatedSprite" parent="load"]
visible = false
position = Vector2( 91, 277 )
scale = Vector2( 0.200195, 0.433594 )
frames = SubResource( 12 )
animation = "lama"

[node name="back" type="Button" parent="."]
margin_left = 754.0
margin_top = 849.0
margin_right = 1124.0
margin_bottom = 1043.0
custom_colors/font_color_pressed = Color( 0.443137, 0.0705882, 0.0705882, 1 )
custom_fonts/font = SubResource( 5 )
text = "BAck"
flat = true

[node name="Node" type="Node" parent="."]

[node name="SaveGameDlg" parent="Node" instance=ExtResource( 4 )]

[node name="LoadGameDlg" parent="Node" instance=ExtResource( 5 )]

[connection signal="pressed" from="save" to="." method="_on_save_pressed"]
[connection signal="pressed" from="load" to="." method="_on_load_pressed"]
[connection signal="pressed" from="back" to="." method="_on_back_pressed"]
