[gd_scene load_steps=10 format=2]

[ext_resource path="res://Puzzle/Líquidos/Machine/Machine.gd" type="Script" id=1]
[ext_resource path="res://Puzzle/Líquidos/Machine/Tube/Tube.tscn" type="PackedScene" id=2]
[ext_resource path="res://Puzzle/Líquidos/CustomResources/Theme/default_theme.tres" type="Theme" id=3]
[ext_resource path="res://Puzzle/Líquidos/CustomResources/StyleBoxFlat/Red.tres" type="StyleBox" id=4]
[ext_resource path="res://Puzzle/Líquidos/CustomResources/StyleBoxFlat/Blue.tres" type="StyleBox" id=5]
[ext_resource path="res://Puzzle/Líquidos/CustomResources/StyleBoxFlat/Wine.tres" type="StyleBox" id=6]
[ext_resource path="res://Puzzle/Líquidos/CustomResources/DynamicFont/ComfortaaBold-64.tres" type="DynamicFont" id=7]

[sub_resource type="StreamTexture" id=2]

[sub_resource type="Animation" id=1]
resource_name = "ShowMessage"
tracks/0/type = "value"
tracks/0/path = NodePath("Container/Overlay:modulate")
tracks/0/interp = 1
tracks/0/loop_wrap = true
tracks/0/imported = false
tracks/0/enabled = true
tracks/0/keys = {
"times": PoolRealArray( 0.00774119, 0.4 ),
"transitions": PoolRealArray( 2, 1 ),
"update": 0,
"values": [ Color( 1, 1, 1, 0 ), Color( 1, 1, 1, 1 ) ]
}
tracks/1/type = "value"
tracks/1/path = NodePath("Container/Message:rect_position")
tracks/1/interp = 1
tracks/1/loop_wrap = true
tracks/1/imported = false
tracks/1/enabled = true
tracks/1/keys = {
"times": PoolRealArray( 0.4, 0.7 ),
"transitions": PoolRealArray( 0.5, 1 ),
"update": 0,
"values": [ Vector2( 0, 600 ), Vector2( 0, 0 ) ]
}
tracks/2/type = "value"
tracks/2/path = NodePath("Container/Button:rect_position")
tracks/2/interp = 1
tracks/2/loop_wrap = true
tracks/2/imported = false
tracks/2/enabled = true
tracks/2/keys = {
"times": PoolRealArray( 0.7, 0.986338 ),
"transitions": PoolRealArray( 2, 1 ),
"update": 0,
"values": [ Vector2( 448, 792 ), Vector2( 448, 396 ) ]
}

[node name="Machine" type="Control"]
anchor_right = 1.0
anchor_bottom = 1.0
margin_top = 0.152649
margin_bottom = 0.152649
script = ExtResource( 1 )
__meta__ = {
"_edit_vertical_guides_": [ 688.0, 494.0, 302.0, 512.0 ]
}
tube2_value = 5
tube3_value = 1
goal = 6

[node name="Tween" type="Tween" parent="."]

[node name="Tube" parent="." instance=ExtResource( 2 )]
margin_left = 473.104
margin_top = 423.847
margin_right = 869.104
margin_bottom = 476.847
max_value = 120.0
value = 0.0
texture_progress = SubResource( 2 )

[node name="Tube2" parent="." instance=ExtResource( 2 )]
margin_left = 665.0
margin_top = 423.847
margin_right = 1061.0
margin_bottom = 476.847
max_value = 120.0
value = 0.0

[node name="Tube3" parent="." instance=ExtResource( 2 )]
margin_left = 859.0
margin_top = 423.847
margin_right = 1255.0
margin_bottom = 476.847
max_value = 120.0
value = 120.0

[node name="Fill" type="Button" parent="."]
margin_left = 631.0
margin_top = 659.847
margin_right = 711.0
margin_bottom = 723.847
mouse_default_cursor_shape = 2
text = "Fill"

[node name="ChangeRed" type="Button" parent="."]
margin_left = 815.0
margin_top = 660.188
margin_right = 911.0
margin_bottom = 724.188
mouse_default_cursor_shape = 2
theme = ExtResource( 3 )
text = "Change"

[node name="ChangeBlue" type="Button" parent="."]
margin_left = 1009.0
margin_top = 660.188
margin_right = 1105.0
margin_bottom = 724.188
mouse_default_cursor_shape = 2
theme = ExtResource( 3 )
text = "Change"

[node name="RedLine" type="HSeparator" parent="."]
margin_left = 673.0
margin_top = 239.847
margin_right = 865.0
margin_bottom = 243.847
custom_styles/separator = ExtResource( 4 )

[node name="BlueLine" type="HSeparator" parent="."]
margin_left = 865.0
margin_top = 231.847
margin_right = 1057.0
margin_bottom = 235.847
custom_styles/separator = ExtResource( 5 )

[node name="WineLine" type="HSeparator" parent="."]
margin_left = 633.0
margin_top = 645.847
margin_right = 709.0
margin_bottom = 649.847
custom_styles/separator = ExtResource( 6 )

[node name="RedSign" type="ColorRect" parent="."]
margin_left = 827.0
margin_top = 735.847
margin_right = 899.0
margin_bottom = 739.847
color = Color( 0, 0, 0, 1 )

[node name="BlueSign" type="ColorRect" parent="."]
margin_left = 1021.0
margin_top = 735.847
margin_right = 1093.0
margin_bottom = 737.847
color = Color( 0, 0, 0, 1 )

[node name="UI" type="CanvasLayer" parent="."]

[node name="UIAnimations" type="AnimationPlayer" parent="UI"]
anims/ShowMessage = SubResource( 1 )

[node name="Container" type="Control" parent="UI"]
visible = false
anchor_right = 1.0
anchor_bottom = 1.0

[node name="Overlay" type="ColorRect" parent="UI/Container"]
modulate = Color( 1, 1, 1, 0.00128317 )
anchor_right = 1.0
anchor_bottom = 1.0
mouse_filter = 2

[node name="Message" type="Label" parent="UI/Container"]
anchor_right = 1.0
anchor_bottom = 1.0
custom_colors/font_color = Color( 0, 0, 0, 1 )
custom_fonts/font = ExtResource( 7 )
text = "Ok, That's it ...
        I think it will work..."
align = 1
valign = 1

[node name="Button" type="Button" parent="UI/Container"]
anchor_right = 1.0
anchor_bottom = 1.0
mouse_default_cursor_shape = 2
theme = ExtResource( 3 )
flat = true

[connection signal="pressed" from="UI/Container/Button" to="." method="_on_Button_pressed"]
